<record><leader>00000cas a22000007a 4500</leader><controlfield tag="001">26296393</controlfield><controlfield tag="008">920731c19899999ctuer ne      0   a0eng d</controlfield><controlfield tag="009">14297</controlfield><datafield ind1=" " ind2=" " tag="010"><subfield code="a">sn 92051354 </subfield></datafield><datafield ind1=" " ind2=" " tag="040"><subfield code="a">CNW</subfield><subfield code="b">eng</subfield><subfield code="c">CNW</subfield><subfield code="d">NSD</subfield><subfield code="d">CNW</subfield><subfield code="d">OCLCQ</subfield></datafield><datafield ind1=" " ind2=" " tag="012"><subfield code="m">0</subfield></datafield><datafield ind1="1" ind2=" " tag="022"><subfield code="a">1067-5248</subfield><subfield code="l">1067-5248</subfield><subfield code="2">1</subfield></datafield><datafield ind1=" " ind2=" " tag="037"><subfield code="b">Main Street News, PO Box 205, Centerbrook, CT 06409</subfield></datafield><datafield ind1=" " ind2=" " tag="042"><subfield code="a">msc</subfield><subfield code="a">nsdp</subfield></datafield><datafield ind1="0" ind2=" " tag="130"><subfield code="a">Main street news (Deep River, Conn.)</subfield></datafield><datafield ind1=" " ind2="0" tag="222"><subfield code="a">Main street news</subfield><subfield code="b">(Essex, Conn.)</subfield></datafield><datafield ind1="0" ind2="0" tag="245"><subfield code="a">Main street news.</subfield></datafield><datafield ind1="1" ind2="3" tag="246"><subfield code="a">MSN</subfield></datafield><datafield ind1=" " ind2=" " tag="260"><subfield code="a">Deep River, Conn. :</subfield><subfield code="b">Edward Ziobrin</subfield></datafield><datafield ind1=" " ind2=" " tag="300"><subfield code="a">v.</subfield></datafield><datafield ind1=" " ind2=" " tag="310"><subfield code="a">Biweekly</subfield></datafield><datafield ind1="0" ind2=" " tag="362"><subfield code="a">Vol. 1, no. 1 (Dec. 14, 1989)-</subfield></datafield><datafield ind1=" " ind2=" " tag="500"><subfield code="a">Published: Centerbrook, Conn., Sept. 12, 1991- ; Essex, Conn. : Hull Pub., &lt;Nov. 19, 1992-&gt;</subfield></datafield><datafield ind1=" " ind2=" " tag="515"><subfield code="a">Vol. 1, no. 1 preceded by introductory issues, Nov. 16-30, 1989.</subfield></datafield><datafield ind1=" " ind2=" " tag="515"><subfield code="a">Suspended after Apr. 30, 1992 issue. Resumed July 2, 1992.</subfield></datafield><datafield ind1=" " ind2="4" tag="651"><subfield code="a">Deep River (Conn.)</subfield><subfield code="v">Newspapers.</subfield></datafield><datafield ind1=" " ind2="4" tag="651"><subfield code="a">Centerbrook (Conn.)</subfield><subfield code="v">Newspapers.</subfield></datafield><datafield ind1=" " ind2="4" tag="651"><subfield code="a">Chester (Conn.)</subfield><subfield code="v">Newspapers.</subfield></datafield><datafield ind1=" " ind2="4" tag="651"><subfield code="a">Essex (Conn.)</subfield><subfield code="v">Newspapers.</subfield></datafield><datafield ind1=" " ind2="4" tag="651"><subfield code="a">Westbrook (Conn.)</subfield><subfield code="v">Newspapers.</subfield></datafield><datafield ind1=" " ind2="4" tag="651"><subfield code="a">Old Saybrook (Conn.)</subfield><subfield code="v">Newspapers.</subfield></datafield><datafield ind1=" " ind2=" " tag="752"><subfield code="a">United States</subfield><subfield code="b">Connecticut</subfield><subfield code="c">Middlesex</subfield><subfield code="d">Essex.</subfield></datafield><datafield ind1=" " ind2=" " tag="752"><subfield code="a">United States</subfield><subfield code="b">Connecticut</subfield><subfield code="c">Middlesex</subfield><subfield code="d">Deep River.</subfield></datafield><datafield ind1=" " ind2=" " tag="752"><subfield code="a">United States</subfield><subfield code="b">Connecticut</subfield><subfield code="c">Middlesex</subfield><subfield code="d">Centerbrook.</subfield></datafield><datafield ind1=" " ind2=" " tag="936"><subfield code="a">Vol. 3, no. 19 (Nov. 19, 1992) LIC</subfield></datafield></record>